<collection xmlns="http://www.loc.gov/MARC21/slim">
<record>
  <leader>01989nam0a2200361 i 450 </leader>
  <controlfield tag="001">IT\ICCU\CNCE\039118</controlfield>
  <controlfield tag="005">20110214000000.0</controlfield>
  <datafield tag="012" ind1=" " ind2=" ">
    <subfield code="a">man&apos; i.go i.mi NoEt (3) 1575 (A)</subfield>
    <subfield code="2">fei</subfield>
  </datafield>
  <datafield tag="100" ind1=" " ind2=" ">
    <subfield code="a">19981030d1575        0itac0103    ba</subfield>
  </datafield>
  <datafield tag="101" ind1=" " ind2=" ">
    <subfield code="a">ITA</subfield>
  </datafield>
  <datafield tag="102" ind1=" " ind2=" ">
    <subfield code="a">IT</subfield>
  </datafield>
  <datafield tag="200" ind1="1" ind2=" ">
    <subfield code="a">℗Il ℗parto della Vergine di m. Giacomo Sannazaro. Fatto in ottaua rima per Eugenio Visdomini nell&apos;Academia de&apos; signori Innominati di Parma Il Roco. Alla sereniss. sig. la signora principessa di Parma et Piacenza. Con gli argomenti del s. Crisippo Selua, ad ogni libro</subfield>
  </datafield>
  <datafield tag="210" ind1=" " ind2=" ">
    <subfield code="a">In Parma</subfield>
    <subfield code="c">appresso Seth Viotti</subfield>
    <subfield code="d">1575</subfield>
    <subfield code="e">In Parma</subfield>
    <subfield code="g">appresso Seth Viotti</subfield>
    <subfield code="h">1575</subfield>
  </datafield>
  <datafield tag="215" ind1=" " ind2=" ">
    <subfield code="a">76, \2! c.</subfield>
    <subfield code="d">12ʻ</subfield>
  </datafield>
  <datafield tag="620" ind1=" " ind2=" ">
    <subfield code="a">IT</subfield>
    <subfield code="d">Parma</subfield>
  </datafield>
  <datafield tag="700" ind1=" " ind2="1">
    <subfield code="a">Sannazzaro,</subfield>
    <subfield code="b">Iacopo</subfield>
    <subfield code="3">IT\ICCU\CNCA\002217</subfield>
  </datafield>
  <datafield tag="702" ind1=" " ind2="1">
    <subfield code="a">Selva,</subfield>
    <subfield code="b">Crisippo</subfield>
    <subfield code="3">IT\ICCU\CNCA\018247</subfield>
  </datafield>
  <datafield tag="712" ind1="0" ind2="0">
    <subfield code="a">Viotti, Seth</subfield>
    <subfield code="3">IT\ICCU\CNCT\000228</subfield>
    <subfield code="4">650</subfield>
  </datafield>
  <datafield tag="790" ind1=" " ind2="0">
    <subfield code="a">Actius Syncerus</subfield>
    <subfield code="3">IT\ICCU\CNCA\013494</subfield>
    <subfield code="z">Sannazzaro, Iacopo</subfield>
  </datafield>
  <datafield tag="790" ind1=" " ind2="1">
    <subfield code="a">Sannazaro,</subfield>
    <subfield code="b">Iacopo</subfield>
    <subfield code="3">IT\ICCU\CNCA\023607</subfield>
    <subfield code="z">Sannazzaro, Iacopo</subfield>
  </datafield>
  <datafield tag="791" ind1="0" ind2="0">
    <subfield code="a">Viotto, Sette</subfield>
    <subfield code="3">IT\ICCU\CNCT\004169</subfield>
    <subfield code="z">Viotti, Seth</subfield>
  </datafield>
  <datafield tag="791" ind1="0" ind2="0">
    <subfield code="a">Viottus, Septimus</subfield>
    <subfield code="3">IT\ICCU\CNCT\004170</subfield>
    <subfield code="z">Viotti, Seth</subfield>
  </datafield>
  <datafield tag="791" ind1="0" ind2="0">
    <subfield code="a">Vioto, Seth</subfield>
    <subfield code="3">IT\ICCU\CNCT\005899</subfield>
    <subfield code="z">Viotti, Seth</subfield>
  </datafield>
  <datafield tag="791" ind1="0" ind2="0">
    <subfield code="a">Viottis, Seth de</subfield>
    <subfield code="3">IT\ICCU\CNCT\005900</subfield>
    <subfield code="z">Viotti, Seth</subfield>
  </datafield>
  <datafield tag="801" ind1=" " ind2="3">
    <subfield code="a">IT</subfield>
    <subfield code="b">ICCU</subfield>
    <subfield code="c">20201114</subfield>
  </datafield>
  <datafield tag="899" ind1=" " ind2=" ">
    <subfield code="a">Biblioteca nazionale Braidense. Milano</subfield>
    <subfield code="1">MI0185</subfield>
    <subfield code="2">MIL NB</subfield>
  </datafield>
  <datafield tag="899" ind1=" " ind2=" ">
    <subfield code="a">Biblioteca nazionale Vittorio Emanuele III. Napoli</subfield>
    <subfield code="1">NA0079</subfield>
    <subfield code="2">NAP BN</subfield>
  </datafield>
  <datafield tag="899" ind1=" " ind2=" ">
    <subfield code="a">Biblioteca comunale Augusta. Perugia</subfield>
    <subfield code="1">PG0109</subfield>
    <subfield code="2">UM1 01</subfield>
  </datafield>
  <datafield tag="899" ind1=" " ind2=" ">
    <subfield code="a">Biblioteca Palatina. Parma</subfield>
    <subfield code="1">PR0072</subfield>
    <subfield code="2">PAR PA</subfield>
  </datafield>
  <datafield tag="911" ind1=" " ind2=" ">
    <subfield code="a">Sul front.</subfield>
    <subfield code="9">IT\ICCU\CNCM\002227</subfield>
  </datafield>
  <datafield tag="911" ind1=" " ind2=" ">
    <subfield code="a">In fine</subfield>
    <subfield code="9">IT\ICCU\CNCM\001096</subfield>
  </datafield>
  <datafield tag="921" ind1=" " ind2=" ">
    <subfield code="a">IT\ICCU\CNCM\002227</subfield>
    <subfield code="b">Liocorno che immerge il corno in un corso d&apos;acqua. In cornice figurata</subfield>
    <subfield code="e">Virtus securitatem parit</subfield>
    <subfield code="c">U764</subfield>
    <subfield code="f">LIOCORNO</subfield>
    <subfield code="f">VIRTUSSECU</subfield>
    <subfield code="g">1575-1584</subfield>
  </datafield>
  <datafield tag="921" ind1=" " ind2=" ">
    <subfield code="a">IT\ICCU\CNCM\001096</subfield>
    <subfield code="b">Liocorno che immerge il corno in un corso d&apos;acqua. In cornice figurata</subfield>
    <subfield code="c">U138</subfield>
    <subfield code="d">Dimensioni: 3,3 x 4,3</subfield>
    <subfield code="f">LIOCORNO</subfield>
    <subfield code="g">1571-1598</subfield>
  </datafield>
</record>
</collection>
